<?xml version="1.0" encoding="UTF-8"?><collection xmlns="http://www.loc.gov/MARC21/slim"><record><leader>00317nam--2200133-i-4500</leader><controlfield tag="001">000002502</controlfield><controlfield tag="002">20161230</controlfield><controlfield tag="005">20161230201025</controlfield><controlfield tag="008">060222s1000------------r-----000-0-eng-d</controlfield><datafield ind1=" " ind2=" " tag="080"><subfield code="a">551.5</subfield></datafield><datafield ind1=" " ind2=" " tag="100"><subfield code="a">Bast, A.C</subfield></datafield><datafield ind1=" " ind2=" " tag="245"><subfield code="a">Physics in meteorology</subfield></datafield><datafield ind1=" " ind2=" " tag="260"><subfield code="a">London, Sir Isaac $ SONS, 1957. VI + 159 P</subfield></datafield><datafield ind1=" " ind2=" " tag="852"><subfield code="a">47676</subfield></datafield></record></collection>